<record><leader>00000cas a2200000 a 4500</leader><controlfield tag="001">13620789</controlfield><controlfield tag="008">860522d18761888tnuwr ne      0   a0eng d</controlfield><datafield ind1=" " ind2=" " tag="010"><subfield code="a">sn 86053402 </subfield></datafield><datafield ind1=" " ind2=" " tag="040"><subfield code="a">NPX</subfield><subfield code="b">eng</subfield><subfield code="c">NPX</subfield><subfield code="d">KNP</subfield><subfield code="d">TGN</subfield><subfield code="d">OCL</subfield><subfield code="d">OCLCQ</subfield><subfield code="d">DLC</subfield><subfield code="d">OCLCF</subfield><subfield code="d">DLC</subfield></datafield><datafield ind1="0" ind2=" " tag="022"><subfield code="a">2333-3014</subfield><subfield code="2">1</subfield></datafield><datafield ind1=" " ind2=" " tag="042"><subfield code="a">msc</subfield><subfield code="a">nsdp</subfield></datafield><datafield ind1=" " ind2=" " tag="043"><subfield code="a">n-us-tn</subfield></datafield><datafield ind1="0" ind2="0" tag="050"><subfield code="a">Newspaper</subfield></datafield><datafield ind1="0" ind2="0" tag="082"><subfield code="a">071</subfield><subfield code="2">23</subfield></datafield><datafield ind1="0" ind2=" " tag="130"><subfield code="a">Weekly herald (Cleveland, Tenn.)</subfield></datafield><datafield ind1=" " ind2="4" tag="222"><subfield code="a">The weekly herald</subfield><subfield code="b">(Cleveland, Tenn. Print)</subfield></datafield><datafield ind1="1" ind2="4" tag="245"><subfield code="a">The weekly herald.</subfield></datafield><datafield ind1="1" ind2=" " tag="246"><subfield code="i">Issues for Oct. 27, 1876-Jan. 26, 1877 have title:</subfield><subfield code="a">Weekly herald and Tennessee journal</subfield></datafield><datafield ind1="1" ind2=" " tag="246"><subfield code="i">Issues for Jan. 18-&lt;Nov. 29&gt;, 1883; &lt;Jan. 3-Sept. 4&gt;, 1884; &lt;Feb. 5-Dec. 24&gt;,1885 have title:</subfield><subfield code="a">Cleveland herald</subfield></datafield><datafield ind1=" " ind2=" " tag="260"><subfield code="a">Cleveland, Tenn. :</subfield><subfield code="b">Hayes &amp; Tipton,</subfield><subfield code="c">1876-1888.</subfield></datafield><datafield ind1=" " ind2=" " tag="300"><subfield code="a">v.</subfield></datafield><datafield ind1=" " ind2=" " tag="310"><subfield code="a">Weekly</subfield></datafield><datafield ind1="0" ind2=" " tag="362"><subfield code="a">Vol. 1, no. 1 (July 14, 1876)-v. 14, no. 38 (Sept. 22, 1888).</subfield></datafield><datafield ind1=" " ind2=" " tag="500"><subfield code="a">Publishers: Hayes &amp; Tipton, 1876-1877; W.S. Tipton &amp; Co., &lt;1877&gt;; W.S. Tipton, &lt;1878-1885&gt;; Herald Print. Co., 1887-1888.</subfield></datafield><datafield ind1=" " ind2=" " tag="500"><subfield code="a">Editors: W.S. Tipton, W.O. Wiggins, &lt;1876&gt;.</subfield></datafield><datafield ind1=" " ind2=" " tag="500"><subfield code="a">"Republican," 1876-&lt;1877&gt;.</subfield></datafield><datafield ind1=" " ind2=" " tag="530"><subfield code="a">Archived issues are available in digital format as part of the Library of Congress Chronicling America online collection.</subfield></datafield><datafield ind1=" " ind2="0" tag="651"><subfield code="a">Cleveland (Tenn.)</subfield><subfield code="v">Newspapers.</subfield></datafield><datafield ind1=" " ind2="0" tag="651"><subfield code="a">Bradley County (Tenn.)</subfield><subfield code="v">Newspapers.</subfield></datafield><datafield ind1=" " ind2="7" tag="651"><subfield code="a">Tennessee</subfield><subfield code="z">Bradley County.</subfield><subfield code="2">fast</subfield><subfield code="0">(OCoLC)fst01212338</subfield></datafield><datafield ind1=" " ind2="7" tag="651"><subfield code="a">Tennessee</subfield><subfield code="z">Cleveland.</subfield><subfield code="2">fast</subfield><subfield code="0">(OCoLC)fst01214276</subfield></datafield><datafield ind1=" " ind2="7" tag="655"><subfield code="a">Newspapers.</subfield><subfield code="2">fast</subfield><subfield code="0">(OCoLC)fst01423814</subfield></datafield><datafield ind1=" " ind2=" " tag="752"><subfield code="a">United States</subfield><subfield code="b">Tennessee</subfield><subfield code="c">Bradley</subfield><subfield code="d">Cleveland.</subfield></datafield><datafield ind1="0" ind2="8" tag="776"><subfield code="i">Online version:</subfield><subfield code="t">Weekly herald (Cleveland, Tenn. : Online)</subfield><subfield code="x">2333-3022</subfield><subfield code="w">(DLC)  2014218231</subfield><subfield code="w">(OCoLC)863053837</subfield></datafield><datafield ind1="0" ind2="0" tag="780"><subfield code="t">Cleveland herald (Cleveland, Tenn. : 1874)</subfield><subfield code="w">(DLC)sn 86053401</subfield><subfield code="w">(OCoLC)13620778</subfield></datafield><datafield ind1="0" ind2="5" tag="780"><subfield code="t">Tennessee journal</subfield></datafield><datafield ind1="0" ind2="0" tag="785"><subfield code="t">Cleveland weekly herald</subfield><subfield code="w">(DLC)sn 89058036</subfield><subfield code="w">(OCoLC)19074131</subfield></datafield><datafield ind1="4" ind2="1" tag="856"><subfield code="u">http://www.loc.gov/chroniclingamerica/lccn/sn86053402/issues</subfield></datafield><datafield ind1="1" ind2=" " tag="029"><subfield code="a">AU@</subfield><subfield code="b">000021487778</subfield></datafield></record>